% Bibliography for Infectious Disease Modelling with Multiple Data Sources
% 
% This file contains references for the manuscript on integrating multiple data sources
% in infectious disease modelling. References are organized by topic for easier management.

% Core methodological references for multi-source integration
@article{placeholder_lison2024,
  title={Joint modelling advantages over separate models},
  author={Placeholder Author},
  journal={Placeholder Journal},
  year={2024},
  note={Placeholder reference - to be replaced}
}

@article{placeholder_huisman2022,
  title={Pipeline approach example},
  author={Placeholder Author},
  journal={Placeholder Journal},
  year={2022},
  note={Placeholder reference - to be replaced}
}

@article{placeholder_birrell2024,
  title={Joint model approach example},
  author={Placeholder Author},
  journal={Placeholder Journal},
  year={2024},
  note={Placeholder reference - to be replaced}
}

@article{placeholder_watson2024,
  title={Joint model approach example},
  author={Placeholder Author},
  journal={Placeholder Journal},
  year={2024},
  note={Placeholder reference - to be replaced}
}

% Outbreak examples and applications
@article{placeholder_outbreak_examples,
  title={Recent outbreak examples demonstrating multi-source value},
  author={Placeholder Author},
  journal={Placeholder Journal},
  year={2024},
  note={Placeholder reference - to be replaced}
}

% Data source characteristics and limitations
@article{placeholder_data_limitations,
  title={Single data source limitations in infectious disease modelling},
  author={Placeholder Author},
  journal={Placeholder Journal},
  year={2023},
  note={Placeholder reference - to be replaced}
}

% Integration methodologies
@article{placeholder_integration_methods,
  title={Methods for integrating multiple data sources},
  author={Placeholder Author},
  journal={Placeholder Journal},
  year={2023},
  note={Placeholder reference - to be replaced}
}

% Computational considerations
@article{placeholder_computational,
  title={Computational challenges in multi-source modelling},
  author={Placeholder Author},
  journal={Placeholder Journal},
  year={2023},
  note={Placeholder reference - to be replaced}
}

% Practical implementation guidance
@article{placeholder_practical_guidance,
  title={Fragmented guidance for practitioners},
  author={Placeholder Author},
  journal={Placeholder Journal},
  year={2023},
  note={Placeholder reference - to be replaced}
}